<record><leader>00000cas a2200000 a 4500</leader><controlfield tag="001">34008685</controlfield><controlfield tag="007">hd bfu---baat</controlfield><controlfield tag="007">hd afu---bact</controlfield><controlfield tag="008">960110d189u1900nbuwr nea     0    0eng d</controlfield><datafield ind1=" " ind2=" " tag="010"><subfield code="a">sn 95073601 </subfield></datafield><datafield ind1=" " ind2=" " tag="040"><subfield code="a">NVG</subfield><subfield code="b">eng</subfield><subfield code="c">NVG</subfield><subfield code="d">OCL</subfield><subfield code="d">OCLCQ</subfield><subfield code="d">OCLCF</subfield><subfield code="d">OCLCO</subfield><subfield code="d">OCLCQ</subfield></datafield><datafield ind1=" " ind2=" " tag="042"><subfield code="a">msc</subfield></datafield><datafield ind1=" " ind2=" " tag="043"><subfield code="a">n-us-nb</subfield></datafield><datafield ind1="0" ind2=" " tag="130"><subfield code="a">Superior sun (Superior, Neb.)</subfield></datafield><datafield ind1="1" ind2="4" tag="245"><subfield code="a">The Superior sun.</subfield></datafield><datafield ind1="1" ind2=" " tag="246"><subfield code="i">Fluctuating title:</subfield><subfield code="a">Superior weekly sun</subfield><subfield code="f">Dec. 21, 1895-Jan. 9, 1897</subfield></datafield><datafield ind1="1" ind2=" " tag="246"><subfield code="i">Title in publisher's box:</subfield><subfield code="a">Sun and independent</subfield><subfield code="f">&lt;Nov. 2&gt;-Dec. 7, 1895</subfield></datafield><datafield ind1=" " ind2=" " tag="260"><subfield code="a">Superior, Nuckolls County, Neb. :</subfield><subfield code="b">Newmeyer &amp; Ewing,</subfield><subfield code="c">-1900.</subfield></datafield><datafield ind1=" " ind2=" " tag="300"><subfield code="a">volumes</subfield></datafield><datafield ind1=" " ind2=" " tag="310"><subfield code="a">Weekly</subfield></datafield><datafield ind1=" " ind2=" " tag="336"><subfield code="a">text</subfield><subfield code="b">txt</subfield><subfield code="2">rdacontent</subfield></datafield><datafield ind1=" " ind2=" " tag="337"><subfield code="a">microform</subfield><subfield code="b">h</subfield><subfield code="2">rdamedia</subfield></datafield><datafield ind1=" " ind2=" " tag="338"><subfield code="a">microfilm reel</subfield><subfield code="b">hd</subfield><subfield code="2">rdacarrier</subfield></datafield><datafield ind1="0" ind2=" " tag="362"><subfield code="a">-v. 18, no. 42 (Feb. 8, 1900).</subfield></datafield><datafield ind1=" " ind2=" " tag="580"><subfield code="a">Merged with: Express (Superior, Neb.), to form: Express and the Superior sun.</subfield></datafield><datafield ind1=" " ind2=" " tag="588"><subfield code="a">Description based on: Vol. 3, no. 28 (Nov. 2, 1895).</subfield></datafield><datafield ind1=" " ind2=" " tag="533"><subfield code="a">Microfilm.</subfield><subfield code="m">1895-1900:[Gaps]</subfield><subfield code="b">[Lincoln, Neb. :</subfield><subfield code="c">Nebraska State Historical Society,</subfield><subfield code="d">1965].</subfield><subfield code="e">1 microfilm reel ; 35 mm.</subfield></datafield><datafield ind1=" " ind2="0" tag="651"><subfield code="a">Superior (Neb.)</subfield><subfield code="v">Newspapers.</subfield></datafield><datafield ind1=" " ind2="7" tag="651"><subfield code="a">Nebraska</subfield><subfield code="z">Superior.</subfield><subfield code="2">fast</subfield><subfield code="0">(OCoLC)fst01890198</subfield></datafield><datafield ind1=" " ind2="7" tag="655"><subfield code="a">Newspapers.</subfield><subfield code="2">fast</subfield><subfield code="0">(OCoLC)fst01423814</subfield></datafield><datafield ind1=" " ind2=" " tag="752"><subfield code="a">United States</subfield><subfield code="b">Nebraska</subfield><subfield code="c">Nuckolls</subfield><subfield code="d">Superior.</subfield></datafield><datafield ind1="0" ind2="5" tag="780"><subfield code="t">Superior independent</subfield></datafield><datafield ind1="1" ind2="7" tag="785"><subfield code="t">Express (Superior, Neb.)</subfield></datafield><datafield ind1="1" ind2="7" tag="785"><subfield code="t">Express and the Superior sun</subfield><subfield code="w">(DLC)sn 95073602</subfield></datafield><datafield ind1="1" ind2=" " tag="029"><subfield code="a">AU@</subfield><subfield code="b">000012146788</subfield></datafield></record>